<?xml version="1.0" encoding="UTF-8"?><collection xmlns="http://www.loc.gov/MARC21/slim"><record><leader>00410nam--2200133-i-4500</leader><controlfield tag="001">000009216</controlfield><controlfield tag="002">20161230</controlfield><controlfield tag="005">20161230201028</controlfield><controlfield tag="008">060222s1000------------r-----000-0-eng-d</controlfield><datafield ind1=" " ind2=" " tag="080"><subfield code="a">001.89</subfield></datafield><datafield ind1=" " ind2=" " tag="100"><subfield code="a">Bar-Hillel, Yehoshua</subfield></datafield><datafield ind1=" " ind2=" " tag="245"><subfield code="a">Logic, methodology and philosophy of science. proceedings of the 1964 international congress</subfield></datafield><datafield ind1=" " ind2=" " tag="260"><subfield code="a">Amsterdam, North-holland Publ.Co., 1965. Viii + 440 P</subfield></datafield><datafield ind1=" " ind2=" " tag="852"><subfield code="a">32737</subfield></datafield></record></collection>